<record><leader>00000cas a22000007a 4500</leader><controlfield tag="001">10986136</controlfield><controlfield tag="008">840725d18891892ohuwr ne      0    0eng d</controlfield><datafield ind1=" " ind2=" " tag="010"><subfield code="a">sn 84028398 </subfield></datafield><datafield ind1=" " ind2=" " tag="040"><subfield code="a">NPY</subfield><subfield code="b">eng</subfield><subfield code="c">NPY</subfield><subfield code="d">ONP</subfield><subfield code="d">OCLCQ</subfield></datafield><datafield ind1=" " ind2=" " tag="042"><subfield code="a">msc</subfield></datafield><datafield ind1="0" ind2="0" tag="245"><subfield code="a">Mahoning Valley review.</subfield></datafield><datafield ind1=" " ind2=" " tag="260"><subfield code="a">Warren, O. [Ohio] :</subfield><subfield code="b">Trumbull Print. Co.,</subfield><subfield code="c">1889-1892.</subfield></datafield><datafield ind1=" " ind2=" " tag="300"><subfield code="a">v. :</subfield><subfield code="b">ill. ;</subfield><subfield code="c">57 cm.</subfield></datafield><datafield ind1=" " ind2=" " tag="310"><subfield code="a">Weekly</subfield></datafield><datafield ind1="0" ind2=" " tag="362"><subfield code="a">Vol. 2, no. 43 (Apr. 24, 1889)-v. 6, no. 2 (July 28, 1892) = whole no. 94-whole no. 263.</subfield></datafield><datafield ind1=" " ind2=" " tag="500"><subfield code="a">Publisher: W.C. Brown, &lt;Dec.&gt;, 1891-&lt;May&gt;, 1892.</subfield></datafield><datafield ind1=" " ind2=" " tag="500"><subfield code="a">"An independent farm journal," &lt;June-July&gt;, 1892.</subfield></datafield><datafield ind1=" " ind2=" " tag="500"><subfield code="a">Editor: J.W. Gillespie, &lt;June&gt;, 1892.</subfield></datafield><datafield ind1=" " ind2=" " tag="521"><subfield code="a">"Devoted to the interests of the taxpayers, and people generally, of Trumbull County and vicinity, irrespective of party," 18&lt;89&gt;; " ... and people generally of the 19 Congress district and vicinity of the Valley, 18&lt;91&gt;-&lt;May&gt;, 1892.</subfield></datafield><datafield ind1=" " ind2=" " tag="550"><subfield code="a">"Official organ of the 19 District Farmers' Alliance."</subfield></datafield><datafield ind1=" " ind2=" " tag="752"><subfield code="a">United States</subfield><subfield code="b">Ohio</subfield><subfield code="c">Trumbull</subfield><subfield code="d">Warren.</subfield></datafield><datafield ind1="0" ind2="0" tag="780"><subfield code="t">Taxpayers' guardian</subfield><subfield code="w">(DLC)sn 84028397</subfield></datafield><datafield ind1="1" ind2=" " tag="029"><subfield code="a">AU@</subfield><subfield code="b">000025794536</subfield></datafield></record>